<collection xmlns="http://www.loc.gov/MARC21/slim">
<record>
  <leader>01022nam0a22002411i 450 </leader>
  <controlfield tag="001">IT\ICCU\CNCE\024338</controlfield>
  <controlfield tag="005">20100322000000.0</controlfield>
  <datafield tag="100" ind1=" " ind2=" ">
    <subfield code="a">19970821d1537        0itac0103    ba</subfield>
  </datafield>
  <datafield tag="101" ind1=" " ind2=" ">
    <subfield code="a">ITA</subfield>
  </datafield>
  <datafield tag="102" ind1=" " ind2=" ">
    <subfield code="a">IT</subfield>
  </datafield>
  <datafield tag="200" ind1="1" ind2=" ">
    <subfield code="a">Specchio di vera vita christiana</subfield>
  </datafield>
  <datafield tag="210" ind1=" " ind2=" ">
    <subfield code="a">Milano</subfield>
    <subfield code="c">Gottardo da Ponte</subfield>
    <subfield code="d">1537</subfield>
  </datafield>
  <datafield tag="300" ind1=" " ind2=" ">
    <subfield code="a">ELIMINATA  ̈la 20870</subfield>
  </datafield>
  <datafield tag="620" ind1=" " ind2=" ">
    <subfield code="a">IT</subfield>
    <subfield code="d">Milano</subfield>
  </datafield>
  <datafield tag="712" ind1="0" ind2="0">
    <subfield code="a">Da_Ponte, Gottardo</subfield>
    <subfield code="3">IT\ICCU\CNCT\001661</subfield>
    <subfield code="4">650</subfield>
  </datafield>
  <datafield tag="791" ind1="0" ind2="0">
    <subfield code="a">Ponticus, Gotardus</subfield>
    <subfield code="3">IT\ICCU\CNCT\003707</subfield>
    <subfield code="z">Da_Ponte, Gottardo</subfield>
  </datafield>
  <datafield tag="791" ind1="0" ind2="0">
    <subfield code="a">Pontius, Gotardus</subfield>
    <subfield code="3">IT\ICCU\CNCT\003708</subfield>
    <subfield code="z">Da_Ponte, Gottardo</subfield>
  </datafield>
  <datafield tag="791" ind1="0" ind2="0">
    <subfield code="a">Pontanus, Gotardus</subfield>
    <subfield code="3">IT\ICCU\CNCT\003709</subfield>
    <subfield code="z">Da_Ponte, Gottardo</subfield>
  </datafield>
  <datafield tag="791" ind1="0" ind2="0">
    <subfield code="a">Ponte, Gottardo da</subfield>
    <subfield code="3">IT\ICCU\CNCT\003710</subfield>
    <subfield code="z">Da_Ponte, Gottardo</subfield>
  </datafield>
  <datafield tag="791" ind1="0" ind2="0">
    <subfield code="a">Ponzio, Gottardo</subfield>
    <subfield code="3">IT\ICCU\CNCT\004488</subfield>
    <subfield code="z">Da_Ponte, Gottardo</subfield>
  </datafield>
  <datafield tag="801" ind1=" " ind2="3">
    <subfield code="a">IT</subfield>
    <subfield code="b">ICCU</subfield>
    <subfield code="c">20201114</subfield>
  </datafield>
  <datafield tag="899" ind1=" " ind2=" ">
    <subfield code="a">Biblioteca civica A. Mai. Bergamo</subfield>
    <subfield code="1">BG0026</subfield>
    <subfield code="2">LO1 02</subfield>
  </datafield>
  <datafield tag="899" ind1=" " ind2=" ">
    <subfield code="a">Biblioteca del Clero di S. Alessandro in Colonna (depositata presso Bibl. mons. G.M. Radini Tedeschi). Bergamo</subfield>
    <subfield code="1">BG0043</subfield>
    <subfield code="2">LO1 56</subfield>
  </datafield>
</record>
</collection>
